@book {Bernstein2009,
    AUTHOR = {Bernstein, D. S.},
     TITLE = {Matrix Mathematics},
   EDITION = {Second},
 PUBLISHER = {Princeton University Press, Princeton, NJ},
      YEAR = {2009},
      ISBN = {978-0-691-14039-1},
   MRCLASS = {93-02 (15-01 93B52 93C05)},
  MRNUMBER = {2513751},
       DOI = {10.1515/9781400833344},
       URL = {http://dx.doi.org/10.1515/9781400833344},
}

@BOOK{par_dist_opt_book,
  title = {Parallel and Distributed Computation: {N}umerical Methods},
  publisher = {Prentice-Hall},
  year = {1989},
  author = {D. P. Bertsekas and J. N. Tsitsiklis},
}

@article{saad1992analysis,
  title={Analysis of some {K}rylov subspace approximations to the matrix exponential operator},
  author={Saad, Y.},
   journal = {SIAM J. Numer. Anal.},
  volume={29},
  number={1},
  pages={209--228},
  year={1992},
}

@UNPUBLISHED{gleich,
author={D. Gleich},
title={The {MatlabBGL} {Matlab} Library},
note={http://www.cs.purdue.edu/homes/dgleich/packages/matlab{\_}bgl/index.html},
}

@article{suitesparse,
  title={The {University of Florida} sparse matrix collection},
  author={Davis, T. A. and Hu, Y.},
  journal={ACM Trans. Math. Softw.},
  volume={38},
  number={1},
  pages={1:1-1:25},
  year={2011},
}


@article{forsythe1957generation,
  title={Generation and use of orthogonal polynomials for data-fitting with a digital computer},
  author={Forsythe, G. E.},
  journal={J. SIAM},
  volume={5},
  number={2},
  pages={74--88},
  year={1957},
}

@article{gragg1984numerically,
  title={The numerically stable reconstruction of {J}acobi matrices from spectral data},
  author={Gragg, W. B. and Harrod, W. J.},
  journal={Numer. Math.},
  volume={44},
  number={3},
  pages={317--335},
  year={1984},
}



@book{gautschi2004orthogonal,
  title={Orthogonal Polynomials: {C}omputation and Approximation},
  author={Gautschi, W.},
  year={2004},
  publisher={Oxford University Press}
}

@article{ubaru2017fast,
  title={Fast Estimation of tr$(f(A))$ via Stochastic {L}anczos Quadrature},
  author={S. Ubaru  and J. Chen  and Y. Saad },
  journal={SIAM J. Matrix Anal. Appl.},
  volume={38},
  number={4},
  pages={1075--1099},
  year={2017},
  publisher={SIAM}
}

@article{gautschi1984questions,
  title={Questions of numerical condition related to polynomials},
  author={Gautschi, Walter},
  journal={Studies in Numerical Analysis},
  volume={24},
  pages={140--177},
  year={1984},
  publisher={MAA Studies in Mathematics}
}


@BOOK{handscomb,
  title = {Chebyshev Polynomials},
  publisher = {Chapman and Hall},
  year = {2003},
  author = {J. C. Mason and D. C. Handscomb},
}

@BOOK{atap,
  title = {Approximation Theory and Approximation Practice},
  publisher = {{SIAM}},
  year = {2013},
  author = {L. N. Trefethen},
}

@BOOK{chebfun,
  title = {Chebfun Guide},
  publisher = {Pafnuty Publications},
  year = {2014},
  address={Oxford},
  editor = {T. A. Driscoll and N. Hale and L. N. Trefethen},
}

@book{golub2009matrices,
  title={Matrices, Moments and Quadrature with Applications},
  author={Golub, G. H. and Meurant, G.},
  year={2010},
  publisher={Princeton University Press}
}


@ARTICLE{shuman_distributed_SIPN_2018,
  author    = {{D. I Shuman} and P. Vandergheynst and D. Kressner and P. Frossard},
  title     = {Distributed Signal Processing via {C}hebyshev Polynomial Approximation},
  journal   = {IEEE Trans. Signal Inf. Process. Netw.},
  year      = {2018, in press},
}


@ARTICLE{shuman2013emerging,
  author = {{D. I Shuman} and S. K. Narang and P. Frossard and A. Ortega and P. Vandergheynst},
  title = {The Emerging Field of Signal Processing on Graphs: {E}xtending High-Dimensional Data analysis to Networks and Other Irregular Domains},
  journal = {IEEE Signal Process. Mag.},
  month={May},
  year = {2013},
  volume = {30},
  number={3},
  pages = {83-98},
}

@BOOK{higham,
  title = {Functions of Matrices},
  publisher = {SIAM},
  year = {2008},
  author = {N. J. Higham},
}

@inproceedings{tremblay2016compressive,
  title={Compressive spectral clustering},
  author={Tremblay, N. and Puy, G. and Gribonval, R. and Vandergheynst, P.},
  booktitle = {Proc. Int. Conf. Mach. Learn.},
  pages={1002--1011},
  year={2016}
}

@inproceedings{orecchia2012approximating,
  title={Approximating the exponential, the {L}anczos method and an $\tilde{O}(m)$-time spectral algorithm for balanced separator},
  author={Orecchia, L. and Sachdeva, S. and Vishnoi, N. K.},
  booktitle={Proc. ACM Symp. Theory Comput.},
  pages={1141--1160},
  year={2012},
}

@inproceedings{arora2007combinatorial,
  title={A combinatorial, primal-dual approach to semidefinite programs},
  author={Arora, S. and Kale, S.},
  booktitle={Proc. ACM Symp. Theory Comput.},
  pages={227--236},
  year={2007},
}

@article{sachdeva2014faster,
  title={Faster algorithms via approximation theory},
  author={Sachdeva, S. and Vishnoi, N. K.},
  journal={Found. Trends Theor. Comput. Sci.},
  volume={9},
  number={2},
  pages={125--210},
  year={2014},
  publisher={Now Publishers}
}





@INCOLLECTION{spielman_survey,
    author = {D. Spielman},
    editors={U. Naumann and O. Schenk},
    title = {Spectral Graph Theory},
    booktitle = {Combinatorial Scientific Computing},
	year={2012},
	publisher={Chapman and Hall / CRC Press},
}

@BOOK{golub,
  title = {Matrix Computations},
  publisher = {Johns Hopkins University Press},
  year = {2013},
  author = {G. H. Golub and C. F. {Van Loan}},
}


@BOOK{horn,
  title = {Matrix Analysis},
  publisher = {Cambridge University Press},
  year = {1990},
  author = {R. A. Horn and C. R. Johnson},
}

@BOOK{peyre_book,
  title = {Advanced Signal, Image and Surface Processing},
  year = {2010},
  author = {Gabriel Peyr{\'e}},
  note     = {http://www.ceremade.dauphine.fr/$\sim$peyre/numerical-tour/book/},
}

@BOOK{chapelle,
  title = {Semi-Supervised Learning},
  publisher = {{MIT Press}},
  year = {2006},
  editor = {O. Chapelle and B. Sch{\"o}lkopf and A. Zien},
}

@BOOK{saad,
  title = {Iterative Methods for Sparse Linear Systems},
  publisher = {PWS Publishing Company},
  year = {1996},
  author = {Y. Saad},
}

@BOOK{demmel,
  title = {Applied Numerical Linear Algebra},
  publisher = {{SIAM}},
  year = {1997},
  author = {J. W. Demmel},
}

@BOOK{rivlin,
  title = {Chebyshev Polynomials},
  publisher = {Wiley-Interscience},
  year = {1990},
  author = {T. J. Rivlin},
}

@BOOK{katznelson,
  title = {An Introduction to Harmonic Analysis},
  publisher = {Cambridge University Press},
  year = {2004},
  author = {Y. Katznelson},
}

@BOOK{lap_eigen,
  title = {Laplacian Eigenvectors of Graphs},
  publisher = {Lecture Notes in Mathematics, vol. 1915, Springer},
  year = {2007},
  author = {T. B{\i}y{\i}ko{\u{g}}lu and J. Leydold and P. F. Stadler},
}

@inproceedings{Rabbat,
 author = {Rabbat, Michael and Nowak, Robert},
 title = {Distributed optimization in sensor networks},
 booktitle = {Proc. Int. Symp. Inf. Process. Sensor Netw.},
 address={Berkeley, CA},
month={Apr.},
 year = {2004},
 location = {Berkeley, California, USA},
 pages = {20-27},
}

@INPROCEEDINGS{shuman_DCOSS_2011,
    author = {{D. I Shuman} and P. Vandergheynst and P. Frossard},
    title = {Chebyshev Polynomial Approximation for Distributed Signal Processing},
    booktitle = {Proc. Int. Conf. Distr. Comput. in Sensor Syst.},
    address = {Barcelona, Spain},
    month = {June},
    year = 2011,
}


@inproceedings{delalleau,
 author = {O. Delalleau and Y. Bengio and N. {Le Roux}},
 title = {Efficient Non-Parametric Function Induction in Semi-Supervised Learning},
 booktitle = {Proc. Int. Wkshp. on Artif. Intell. Stat.},
 address={Barbados},
month={Jan.},
 year = {2005},
 pages = {96-103},
}

@incollection {bougleux,
   author = {Bougleux, Sébastien and Elmoataz, Abderrahim and Melkemi, Mahmoud},
   title = {Discrete Regularization on Weighted Graphs for Image and Mesh Filtering},
   booktitle = {Scale Space Var. Methods Comp. Vision},
   series = {Lect. Notes Comp. Sci.},
   editor = {Sgallari, Fiorella and Murli, Almerico and Paragios, Nikos},
   publisher = {Springer},
   pages = {128-139},
   volume = {4485},
   year = {2007}
}

@TECHREPORT{zhu_g,
    author = {X. Zhu and Z. Ghahramani},
    title = {Learning from Labeled and Unlabeled Data with Label Propagation},
    type = {{Technical Report CMU-CALD-02-107}},
    institution = {Carnegie Mellon University},
    year = 2002,
    }


@incollection{peyre_nlr,
  author = {Gabriel Peyr{\'e} and S. Bougleux and L. Cohen},
  title = {Non-local Regularization of Inverse Problems},
  booktitle = {Proc. ECCV'08},
  series={Lect. Notes Comp. Sci.},
    editor={D. A. Forsyth and P. H. S. Torr and A. Zisserman},
  publisher={Springer},
    year = {2008},
  pages = {57-68}
}

@techreport {rosasco,
   author = {L. Rosasco and E. {De Vito} and A. Verri},
   title = {Spectral Methods for Regularization in Learning Theory},
     type = {{Technical Report DISI-TR-05-18}},
    institution = {{DISI, Universit\`{a} degli Studi di Genova, Italy}},
   year = {2005}
}

@article {bougleux2,
   author = {Bougleux, Sébastien and Elmoataz, Abderrahim and Melkemi, Mahmoud},
   title = {Local and Nonlocal Discrete Regularization on Weighted Graphs for  Image and  Mesh  Processing},
   journal = {International Journal of Computer Vision},
   publisher = {Springer Netherlands},
   pages = {220-236},
   volume = {84},
   issue = {2},
   year = {2009}
}

@article {johnson_zhang,
   author = {R. Johnson and T. Zhang},
   title = {On the Effectiveness of {L}aplacian Normalization for Graph Semi-Supervised Learning},
   journal = {J. Mach. Learn. Res.},
   pages = {1489-1517},
   volume = {8},
   year = {2007}
}

@ARTICLE{elmoataz,
  author = {A. Elmoataz and O. Lezoray and S. Bougleux},
  title = {Nonlocal Discrete Regularization on Weighted Graphs: a Framework for Image and Manifold Processing},
  journal = {IEEE Trans. Image Process.},
  month={Jul.},
  year = {2008},
  volume = {17},
  issue={7},
  pages = {1047-1060}
}

@incollection{belkin_matveeva,
  author = {M. Belkin and I. Matveeva and P. Niyogi},
  title = {Regularization and Semi-supervised Learning on Large Graphs},
  booktitle = {Learn. Theory},
  series={Lect. Notes Comp. Sci.},
  publisher={Springer-Verlag},
    year = {2004},
  pages = {624-638}
}

@incollection{smola,
  author = {A. J. Smola and R. Kondor},
  title = {Kernels and Regularization on Graphs},
  booktitle = {Proc. Ann. Conf. Comp. Learn. Theory},
  series={Lect. Notes Comp. Sci.},
    editor={B. Sch{\"o}lkopf and M. Warmuth},
  publisher={Springer},
    year = {2003},
  pages = {144-158}
}

@incollection {reg_discrete,
   author = {Zhou, Dengyong and Sch{\"o}lkopf, Bernhard},
   title = {Regularization on Discrete Spaces},
   booktitle = {Pattern Recogn.},
   series = { Lect. Notes Comp. Sci.},
   editor = {Kropatsch, Walter G. and Sablatnig, Robert and Hanbury, Allan},
   publisher = {Springer},
   pages = {361-368},
   volume = {3663},
   year = {2005}
}

@inproceedings{zhou_scholkopf,
  author = {Dengyong Zhou and Bernhard Sch{\"o}lkopf},
  title = {A regularization framework for learning from graph data.},
  booktitle = {Proc. ICML Workshop Stat. Relat. Learn. and Its Connections to Other Fields},
  month={Jul.},
  year = {2004},
  pages = {132-137}
}
@INPROCEEDINGS{harmonic,
  author = {X. Zhu and Z. Ghahramani},
  title = {Semi-supervised Learning Using {G}aussian Fields and Harmonic Functions},
  booktitle = {Proc. Int. Conf. Mach. Learn.},
    address={Washington, D.C.},
  pages = {912-919},
  month={Aug.},
  year = {2003},
}

@INPROCEEDINGS{ubaru2016,
  author = {S. Ubaru and Y. Saad},
  title = {Fast methods for estimating the numerical rank of large matrices},
  booktitle = {Proc. Int. Conf. Mach. Learn.},
    address={New York, NY},
  pages = {468-477},
  month={Jun.},
  year = {2016},
}

@article{ubaru2017,
  title={Fast estimation of approximate matrix ranks using spectral densities},
  author={S. Ubaru  and Y. Saad and A.-K. Seghouane},
  journal={Neural Computation},
  volume={29},
  number={5},
  pages={1317-1351},
  month={May},
  year={2017},
  publisher={MIT Press},
}


@INPROCEEDINGS{zhou_bousquet,
  author = {D. Zhou and O. Bousquet and T. N. Lal and J. Weston and B. Sch{\"o}lkopf},
  title = {Learning with Local and Global Consistency},
  booktitle = {Adv. Neural Inf. Process. Syst.},
   editor={S. Thrun and L. Saul and B. Sch{\"o}lkopf},
   publisher={{MIT Press}},
  pages = {321-328},
  volume={16},
  year = {2004},
}

@inproceedings{defferrard2016convolutional,
  title={Convolutional neural networks on graphs with fast localized spectral filtering},
  author={Defferrard, M. and Bresson, X. and Vandergheynst, P.},
 booktitle = {Adv. Neural Inf. Process. Syst.},
  pages={3844--3852},
  year={2016}
}

@article{bronstein2017geometric,
  title={Geometric deep learning: {G}oing beyond euclidean data},
  author={Bronstein, M. M. and Bruna, J. and LeCun, Y. and Szlam, A. and Vandergheynst, P.},
  journal = {IEEE Signal Process. Mag.},
  volume={34},
  number={4},
  pages={18--42},
  year={2017},
  publisher={IEEE}
}



@INPROCEEDINGS{ridge,
  author = {O. Chapelle and V. Vapnik and J. Weston},
  title = {Transductive Inference for Estimating Values of Functions},
  booktitle = {Adv. Neural Inf. Process. Syst.},
   editor={S. Solla and T. K. Leen and K.-R. M{\"u}ller},
   publisher={{MIT Press}},
  pages = {421-427},
  volume={12},
  year = {2000},
}

@INPROCEEDINGS{ando_zhang,
  author = {R. K. Ando and T. Zhang},
  title = {Learning on Graph with {L}aplacian Regularization},
  booktitle = {Adv. Neural Inf. Process. Syst.},
   editor={B. Sch{\"o}lkopf and J. Platt and T. Hofmann},
   publisher={{MIT Press}},
  pages = {25-32},
  volume={19},
  year = {2007},
}

@INPROCEEDINGS{wagner,
  author = {R. Wagner and V. Delouille and R. Baraniuk},
  title = {Distributed Wavelet De-Noising for Sensor Networks},
  booktitle = {Proc. IEEE Int. Conf. Dec. and Contr.},
address={San Diego, CA},
  pages = {373-379},
  month={Dec.},
  year = {2006},
}

@INPROCEEDINGS{barbarossa,
  author = {S. Barbarossa and G. Scutari and T. Battisti},
  title = {Distributed Signal Subspace Projection Algorithms with Maximum Convergence Rate for Sensor Networks with Topological Constraints},
  booktitle = {Proc. IEEE Int. Conf. Acc., Speech, and Signal Process.},
address={Taipei},
  pages = {2893-2896},
  month={Apr.},
  year = {2009},
}

@inproceedings{thanou_quantized,
  title={Distributed signal processing with graph spectral dictionaries},
  author={Thanou, Dorina and Frossard, Pascal},
  booktitle={Proc. Allerton Conf. Comm., Contr., and Comp.},
  pages={1391--1398},
  month={Sep.},
  year={2015},
}


@INPROCEEDINGS{sandryhaila_consensus,
  author = {A. Sandryhaila and S. Kar and J. M. F. Moura},
  title = {Finite-Time Distributed Consensus Through Graph Filters},
  booktitle = {Proc. IEEE Int. Conf. Acc., Speech, and Signal Process.},
address={Florence, Italy},
  pages = {1080-1084},
  month={May},
  year = {2014},
}

@MISC{sgwt_toolbox,
title={Spectral graph wavelets toolbox},
author={D. K. Hammond},
url={http://wiki.epfl.ch/sgwt},
}

@INPROCEEDINGS{dlasso_conf,
  author = {J. A. Bazerque and G. Mateos and G. B. Giannakis},
  title = {Distributed Lasso for In-Network Linear Regression},
  booktitle = {Proc. IEEE Int. Conf. Acc., Speech, and Signal Process.},
address={Dallas, TX},
  pages = {2978-2981},
  month={Mar.},
  year = {2010},
}

@INPROCEEDINGS{guestrin,
  author = {C. Guestrin and P. Bodik and R. Thibaux and M. Paskin and S. Madden},
  title = {Distributed Regression: an Efficient Framework for Modeling Sensor Network Data},
  booktitle = {Proc. Int. Symp. Inf. Process. Sensor Netw.},
address={Berkeley, CA},
  pages = {1-10},
  month={Apr.},
  year = {2004},
}

@ARTICLE{predd_tit,
  author = {J. B. Predd and S. R. Kulkarni and H. V. Poor},
  title = {A Collaborative Training Algorithm for Distributed Learning},
  journal = {IEEE Trans. Inf. Theory},
  month={Apr.},
  year = {2009},
  volume = {55},
  number={4},
  pages = {1856-1871}
}

@ARTICLE{olfati,
author={Olfati-Saber, R. and Fax, J.A. and Murray, R.M.},
journal={Proc. IEEE},
title={Consensus and Cooperation in Networked Multi-Agent Systems},
year={2007},
month={Jan.},
volume={95},
number={1},
pages={215-233},
}

@ARTICLE{dlasso,
  author = {G. Mateos and J.-A. Bazerque and G. B. Giannakis},
  title = {Distributed Sparse Linear Regression},
  journal = {IEEE Trans. Signal Process.},
  month={Oct.},
  year = {2010},
  volume = {58},
  number={10},
  pages = {5262-5276}
}

@ARTICLE{dspg,
  author = {A. Sandryhaila and J. M. F. Moura},
  title = {Discrete Signal Processing on Graphs},
  journal = {IEEE Trans. Signal Process.},
  month={Apr.},
  year = {2013},
  volume = {61},
  number={7},
  pages = {1644-1656},
}

@ARTICLE{dspgf,
  author = {A. Sandryhaila and J. M. F. Moura},
  title = {Discrete Signal Processing on Graphs: {F}requency Analysis},
  journal = {IEEE Trans. Signal Process.},
  month={Jun.},
  year = {2014},
  volume = {62},
  number={12},
  pages = {3042-3054},
}


@article{mcsfb,
  author    = {S. Li and
               Y. Jin and
               {D. I Shuman}},
  title     = {A Scalable {$M$}-Channel Critically Sampled Filter Bank for Graph Signals},
  journal   = {arXiv ePrints},
  year      = {2018},
  url       = {http://arxiv.org/abs/1608.03171},
}

@BOOK{tao_random_matrix,
  title = {Topics in Random Matrix Theory},
  publisher = {American Mathematical Society},
  year = {2012},
  author = {T. Tao},
}

@BOOK{van_mieghem,
  title = {Graph Spectra for Complex Networks},
  publisher = {Cambridge University Press},
  year = {2011},
  author = {P. {Van Mieghem}},
}

@article{lin_spectral_density,
  title={Approximating spectral densities of large matrices},
  author={Lin, L. and Saad, Y. and Yang, C.},
  journal={SIAM Review},
  volume={58},
  number={1},
  pages={34--65},
  year={2016},
  publisher={SIAM}
}

@article{silver1996kernel,
  title={Kernel polynomial approximations for densities of states and spectral functions},
  author={Silver, R. N. and R{\"o}der, H. and Voter, A. F. and Kress, J. D.},
  journal={J. Comput. Phys.},
  volume={124},
  number={1},
  pages={115--130},
  year={1996},
  publisher={Elsevier}
}

@article{silver1994densities,
  title={Densities of states of mega-dimensional {Hamiltonian} matrices},
  author={Silver, R. N. and R{\"o}der, H.},
  journal={Int. J. Mod. Phys. C},
  volume={5},
  number={4},
  pages={735--753},
  year={1994},
  publisher={World Scientific}
}

@ARTICLE{shuman2013spectrum,
   author = {{D. I Shuman} and C. Wiesmeyr and N. Holighaus and P. Vandergheynst},
   title = {Spectrum-Adapted Tight Graph Wavelet and Vertex-Frequency Frames},
   journal = {IEEE Trans. Signal Process.},
   month={Aug.},
   volume={63},
   number={16},
   pages={4223--4235},
   year = {2015},
}

@ARTICLE{fritsch,
   author = {F. N. Fritsch and R. E. Carlson},
   title = {Monotone Piecewise Cubic Interpolation},
   journal = {SIAM J. Numer. Anal.},
   month={Apr.},
   volume={17},
   number={2},
   pages={238--246},
   year = {1980},
}

@article{puy_structured_sampling,
  title={Structured sampling and fast reconstruction of smooth graph signals},
  author={Puy, G. and P{\'e}rez, P.},
    journal   = {ar{X}iv e-Prints},
  url       = {http://arxiv.org/abs/1705.02202},
  year={2017}
}


@article{di2016efficient,
  title={Efficient estimation of eigenvalue counts in an interval},
  author={Di Napoli, E. and Polizzi, E. and Saad, Y.},
  journal={Numer. Linear Algebra Appl.},
  volume={23},
  number={4},
  pages={674--692},
  month={Aug.},
  year={2016},
}

@article{wang1994calculating,
  title={Calculating the density of states and optical-absorption spectra of large quantum systems by the plane-wave moments method},
  author={Wang, L.-W.},
  journal={Phy. Rev. B},
  volume={49},
  number={15},
  pages={10154},
  year={1994},
  publisher={APS}
}

@article{hutchinson,
  title={A stochastic estimator of the trace of the influence matrix for {Laplacian} smoothing splines},
  author={Hutchinson, M. F.},
  journal={Commun. Stat. Simul. Comput.},
  volume={18},
  number={3},
  pages={1059--1076},
  year={1989},
}



@article{gspbox,
  author    = {N. Perraudin and
               J. Paratte and
               {D. I Shuman} and
               V. Kalofolias and
               P. Vandergheynst and
               D. K. Hammond},
  title     = {{GSPBOX:} {A} toolbox for signal processing on graphs},
  journal   = {arXiv ePrints},
  year      = {2014},
  url       = {http://arxiv.org/abs/1408.5781},
    note      = {\url{https://lts2.epfl.ch/gsp/}},
}

@article{shi2015infinite,
  title={Infinite impulse response graph filters in wireless sensor networks},
  author={Shi, Xuesong and Feng, Hui and Zhai, Muyuan and Yang, Tao and Hu, Bo},
  journal={IEEE Signal Process. Lett.},
  volume={22},
  number={8},
  pages={1113--1117},
  month={Aug.},
  year={2015},
}

@article{loukas2015distributed,
  title={Distributed autoregressive moving average graph filters},
  author={Loukas, Andreas and Simonetto, Andrea and Leus, Geert},
  journal={IEEE Signal Process. Lett.},
  volume={22},
  number={11},
  pages={1931--1935},
  month={Nov.},
  year={2015},
}


@article{druskin1998extended,
  title={Extended {K}rylov subspaces: {A}pproximation of the matrix square root and related functions},
  author={Druskin, V. and Knizhnerman, L.},
journal={SIAM J. Matrix Anal. Appl.},
  volume={19},
  number={3},
  pages={755--771},
  year={1998},
}

@article{frommer2017radau,
  title={The {Radau-Lanczos} Method for Matrix Functions},
  author={Frommer, A. and Lund, K. and Schweitzer, M. and Szyld, D. B.},
journal={SIAM J. Matrix Anal. Appl.},
  volume={38},
  number={3},
  pages={710--732},
  year={2017},
}


@article{afanasjew2008implementation,
  title={Implementation of a restarted {K}rylov subspace method for the evaluation of matrix functions},
  author={Afanasjew, M. and Eiermann, M. and Ernst, O. G. and G{\"u}ttel, S.},
  journal = {Lin. Alg. Appl.},
  volume={429},
  number={10},
  pages={2293--2314},
  year={2008},
}

@article{eiermann2006restarted,
  title={A restarted {K}rylov subspace method for the evaluation of matrix functions},
  author={Eiermann, M. and Ernst, O. G.},
  journal={SIAM J. Numer. Anal.},
  volume={44},
  number={6},
  pages={2481--2504},
  year={2006},
}




@article{susnjara,
  title={Accelerated filtering on graphs using {L}anczos method},
  author={{\v S}u{\v s}njara, Ana and Perraudin, Nathanael and Kressner, Daniel and Vandergheynst, Pierre},
  journal={arXiv ePrints},
  year={2015},
  url={https://arxiv.org/abs/1509.04537},
}

@article{knizhnerman,
  title={A new investigation of the extended {K}rylov subspace method for matrix function evaluations},
  author={Knizhnerman, Leonid and Simoncini, Valeria},
  journal={Numer. Linear Algebra Appl.},
  volume={17},
  number={4},
  pages={615--638},
  year={2010},
}

@article{lanczos_bound,
  title={Bounding the spectrum of large {H}ermitian matrices.},
  author={Y. Zhou and R. C. Li},
  journal={Linear Algebra Appl.},
  volume={435},
  number={3},
  pages={480--493},
  year={2011},
}


@ARTICLE{segarra_tsp,
  author = {S. Segarra and A. G. Marques and A. Ribeiro},
  title = {Optimal Graph-Filter Design and Applications to Distributed Linear Network Operators},
  journal = {IEEE Trans. Signal Process.},
  month={Aug.},
  volume={65},
  number={15},
  pages={4117--4131},
  year = {2017},
}

@article{saad2006filtered,
  title={Filtered conjugate residual-type algorithms with applications},
  author={Saad, Y.},
  journal={SIAM J. Matrix Anal. Appl.},
  volume={28},
  number={3},
  pages={845--870},
  year={2006},
}

@article{sheehan2010computing,
  title={Computing $\exp(-\tau {A})b$ with {L}aguerre polynomials},
  author={Sheehan, B. N. and Saad, Y. and Sidje, R. B.},
  journal={Electron. Trans. Numer. Anal.},
  volume={37},
  pages={147--165},
  year={2010},
}


@article{moler2003nineteen,
  title={Nineteen dubious ways to compute the exponential of a matrix, twenty-five years later},
  author={Moler, C. and Van Loan, C.},
  journal={SIAM Rev.},
  volume={45},
  number={1},
  pages={3--49},
  year={2003},
  publisher={SIAM}
}


@incollection{davies2005computing,
  title={Computing $f(A)b$ for matrix functions $f$},
  author={Davies, P. I. and Higham, N. J.},
  booktitle={QCD and Numerical Analysis III},
  pages={15--24},
  year={2005},
  publisher={Springer}
}

@inproceedings{segarra2015distributed,
  title={Distributed implementation of linear network operators using graph filters},
  author={S. Segarra and A. G. Marques and A. Ribeiro},
    booktitle={Proc. Allerton Conf. Comm., Contr., and Comp.},
  pages={1406--1413},
  month={Sep.},
  year={2015},
}

@incollection{frommer,
  title={Matrix functions},
  author={Frommer, A. and Simoncini, V.},
  booktitle={Model Order Reduction: Theory, Research Aspects and Applications},
  pages={275--303},
  year={2008},
  publisher={Springer}
}



@ARTICLE{afonso,
  author = {M. V. Afonso and J. M. Bioucas-Dias and M. A. T. Figueiredo},
  title = {Fast Image Recovery Using Variable Splitting and Constrained Optimization},
  journal = {IEEE Transactions on Image Processing},
  month={Sep.},
  year = {2010},
  volume = {19},
  issue={9},
  pages = {2345-2356}
}

@ARTICLE{nedic,
  author = {A. Nedic and A. Ozdaglar},
  title = {Distributed Subgradient Methods for Multi-Agent Optimization},
  journal = {IEEE Transactions on Automatic Control},
  month={January},
  year = {2009},
  volume = {54},
  issue={1},
  pages = {48-61}
}

@ARTICLE{predd,
  author = {J. B. Predd and S. R. Kulkarni and H. V. Poor},
  title = {Distributed Learning in Wireless Sensor Networks},
  journal = {IEEE Signal Process. Mag.},
  month={Jul.},
  year = {2006},
  volume = {23},
  issue={4},
  pages = {56-69}
}

@article{dimakis,
  author    = {Alexandros G. Dimakis and
               Soummya Kar and
               Jos{\'e} M. F. Moura and
               Michael G. Rabbat and
               Anna Scaglione},
  title     = {Gossip Algorithms for Distributed Signal Processing},
  journal   = {Proc. IEEE},
  year      = {2010},
  month={Nov.} ,
volume={98},
number={11},
pages={1847-1864},
}


@article{DBLP:journals/corr/abs-1007-3706,
  author    = {Dusan Jakovetic and
               Jo{\~a}o Xavier and
               Jos{\'e} M. F. Moura},
  title     = {Cooperative Convex Optimization in Networked Systems: Augmented
               Lagrangian Algorithms with Directed Gossip Communication},
  journal   = {CoRR},
  volume    = {abs/1007.3706},
  year      = {2010},
  ee        = {http://arxiv.org/abs/1007.3706},
  bibsource = {DBLP, http://dblp.uni-trier.de}
}


@ARTICLE{bazerque,
  author = {J. A. Bazerque and G. B. Giannakis},
  title = {Distributed Spectrum Sensing for Cognitive Radio Networks by Exploiting Sparsity},
  journal = {IEEE Transactions on Signal Processing},
  month={March},
  year = {2010},
  volume = {58},
  issue={3},
  pages = {1847-1862}
}

@article{combettes,
  title={Signal recovery by proximal forward-backward splitting},
  author={P. L. Combettes and V. R. Wajs},
  journal={Multiscale Model. Sim.},
  volume={4},
  number={4},
  pages={1168-1200},
  month={Nov.},
  year={2005}
}
@article{lasso,
  title={Regression shrinkage and selection via the {L}asso},
  author={Tibshirani, R.},
  journal={J. Royal. Statist. Soc. B},
  volume={58},
  number ={1},
  pages={267-288},
  year={1996}
}


@Article{LTS-ARTICLE-2009-053,
   author      = {D. K. Hammond and P. Vandergheynst and R. Gribonval},
    journal     = {Appl. Comput. Harmon. Anal.},
    title       = {Wavelets on graphs via spectral graph theory},
    month={Mar.},
  year        = 2011,
  volume={30},
  number={2},
  pages={129-150},
}

@BOOK{chung,
  title = {Spectral Graph Theory},
  publisher = {Vol. 92 of the {CBMS} Regional Conference Series in Mathematics, {AMS} Bokstore},
  year = {1997},
  author = {F. K. Chung},
}

@BOOK{phillips,
  title = {Interpolation and Approximation by Polynomials},
  publisher = {{CMS} Books in Mathematics, Springer-Verlag},
  year = {2003},
  author = {G. M. Phillips},
}

@ARTICLE{chen_saad,
  author = {Chen, J. and Anitescu, M. and Saad, Y.},
  title = {Computing {$f(A)b$} Via Least Squares Polynomial Approximations},
  journal = {SIAM J. Sci. Comp.},
  year = {2011},
  volume = {33},
  pages = {195-222},
  number = {1},
  month = {Feb.},
}

@ARTICLE{bergamaschi,
  author = {Bergamaschi, L. and Caliari, M. and Vianello, M.},
  title = {Efficient Approximation of the Exponential Operator for Discrete {2D} Advection-Diffusion Problems},
  journal = {Num. Lin. Alg. Appl.},
  year = {2002},
  volume = {10},
  pages = {271-289},
  number = {3},
  month = {Apr./May},
}


@ARTICLE{das,
  author = {K. C. Das and R. P. Bapat},
  title = {A sharp upper bound on the largest {L}aplacian eigenvalue of weighted graphs},
  journal = {Lin. Alg. Appl.},
  year = {2005},
  volume = {409},
  pages = {153-165},
  month = {Nov.},
}


@ARTICLE{han,
  author = {I. Han and D. Malioutov and H. Avron and J. Shin},
  title = {Approximating Spectral Sums of Large-Scale Matrices Using Stochastic {Chebyshev} Approximations},
  journal = {{SIAM J. Sci. Comput.}},
  year = {2017},
  volume = {39},
  number={4},
  pages = {A1558-A1585},
}

@ARTICLE{lin,
  author = {L. Lin and Y. Saad and C. Yang},
  title = {Approximating Spectral Densities of Large Matrices},
  journal = {{SIAM Rev.}},
  year = {2016},
  volume = {58},
  number={1},
  pages = {34--65},
}


@ARTICLE{friesner,
  author = {R. A. Friesner and L.S. Tuckerman and B.C. Dornblaser and T. V. Russo},
  title = {A method for exponential propagation of large systems of stiff nonlinear differential equations},
  journal = {J. Sci. Comput.},
  year = {1989},
  volume = {4},
  number={4},
  pages = {327-354},
  month = {Dec.},
}

@ARTICLE{hochbruck,
  author = {M. Hochbruck and C. Lubich and H. Selhofer},
  title = {Exponential integrators for large systems of differential equations},
  journal = {{SIAM J. Sci. Comput.}},
  year = {1998},
  volume = {19},
  number={5},
  pages = {1552-1574},
}

@ARTICLE{gallopoulos,
  author = {E. Gallopoulos and Y. Saad},
  title = {Efficient solution of parabolic equations by {Krylov} approximation methods},
  journal = {{SIAM J. Sci. Stat. Comput.}},
  year = {1992},
  volume = {13},
  number={5},
  pages = {1236-1264},
}

@ARTICLE{druskin,
  author = {Druskin, V. L. and Knizhnerman, L. A. },
  title = {Two Polynomial Methods of Calculating Functions of Symmetric Matrices},
  journal = {{U.S.S.R.} Comput. Maths. Math. Phys.},
  year = {1989},
  volume = {29},
  pages = {112-121},
  number = {6},
}

@ARTICLE{basispursuit,
  author = {Chen, S.S. and Donoho, D.L. and Saunders, M.A.},
  title = {Atomic decomposition by basis pursuit},
  journal = {SIAM J. Sci. Comp.},
  year = {1998},
  volume = {20},
  pages = {33-61},
  number = {1},
  month = {Aug.},
}

@ARTICLE{anderson_morley,
  author = {W. N. Anderson and T. D. Morley},
  title = {Eigenvalues of the {L}aplacian of a Graph},
  journal = {Linear Multilinear Algebra},
  year = {1985},
  volume = {18},
  pages = {141-145},
  number = {2}
}

@ARTICLE{hancock,
  author = {F. Zhang and E. R. Hancock},
  title = {Graph Spectral Image Smoothing Using the Heat Kernel},
  journal = {Pattern Recogn.},
  month={Nov.},
  year = {2008},
  volume = {41},
  pages = {3328-3342},
}

@ARTICLE{DDD,
  author = {Daubechies, I. and Defrise, M. and De Mol, C.},
  title = {An iterative thresholding algorithm for linear inverse problems
	with a sparsity constraint},
  journal = {Commun. Pure Appl. Math.},
  month={Nov.},
  year = {2004},
  volume = {57},
  pages = {1413-1457},
  number = {11},
}

@article{sundararaman2005clock,
  title={Clock synchronization for wireless sensor networks: a survey},
  author={Sundararaman, Bharath and Buy, Ugo and Kshemkalyani, Ajay D},
  journal={Ad Hoc Networks},
  volume={3},
  number={3},
  pages={281--323},
  month={May},
  year={2005},
  publisher={Elsevier}
}

@article{wu2011clock,
  title={Clock synchronization of wireless sensor networks},
  author={Wu, Yik-Chung and Chaudhari, Qasim and Serpedin, Erchin},
  journal={{IEEE} Signal Process. Mag.},
  volume={28},
  number={1},
  pages={124--138},
  month={Jan.},
  year={2011},
  publisher={IEEE}
}

@article{sivrikaya2004time,
  title={Time synchronization in sensor networks:{ A} survey},
  author={Sivrikaya, Fikret and Yener, B{\"u}lent},
  journal={IEEE Network},
  volume={18},
  number={4},
  pages={45--50},
  month={Aug.},
  year={2004},
  publisher={IEEE}
}

